<?xml version="1.0" encoding="UTF-8"?><collection xmlns="http://www.loc.gov/MARC21/slim"><record><leader>00382nam--2200121-i-4500</leader><controlfield tag="001">000022580</controlfield><controlfield tag="002">20161230</controlfield><controlfield tag="005">20161230201034</controlfield><controlfield tag="008">060222s1000------------r-----000-0-eng-d</controlfield><datafield ind1=" " ind2=" " tag="080"><subfield code="a">621.039(047:436):061.62(047:436)</subfield></datafield><datafield ind1=" " ind2=" " tag="245"><subfield code="a">10 jahre osterreichische studiengesellschaft fur atomenergie gesellschaft m.b.h.1956-1966</subfield></datafield><datafield ind1=" " ind2=" " tag="260"><subfield code="a">Seibersdorf, Reaktorzentrum, 1966, 163p</subfield></datafield><datafield ind1=" " ind2=" " tag="852"><subfield code="a">24064</subfield></datafield></record></collection>